<record><leader>00000cas a22000007a 4500</leader><controlfield tag="001">32749251</controlfield><controlfield tag="008">950630d19051925okuwr n       0    0eng d</controlfield><datafield ind1=" " ind2=" " tag="010"><subfield code="a">sn 95076262 </subfield></datafield><datafield ind1=" " ind2=" " tag="040"><subfield code="a">OBN</subfield><subfield code="b">eng</subfield><subfield code="c">OBN</subfield><subfield code="d">OCLCQ</subfield><subfield code="d">OCLCF</subfield><subfield code="d">OCLCO</subfield></datafield><datafield ind1="1" ind2=" " tag="029"><subfield code="a">AU@</subfield><subfield code="b">000011783219</subfield></datafield><datafield ind1=" " ind2=" " tag="042"><subfield code="a">msc</subfield></datafield><datafield ind1=" " ind2=" " tag="043"><subfield code="a">n-us-ok</subfield></datafield><datafield ind1="0" ind2=" " tag="130"><subfield code="a">Advance-democrat (Stillwater, Okla.)</subfield></datafield><datafield ind1="1" ind2="4" tag="245"><subfield code="a">The Advance-democrat.</subfield></datafield><datafield ind1="3" ind2=" " tag="246"><subfield code="a">Stillwater advance</subfield></datafield><datafield ind1="3" ind2=" " tag="246"><subfield code="a">Stillwater advance-democrat</subfield></datafield><datafield ind1=" " ind2=" " tag="260"><subfield code="a">Stillwater, Okla. :</subfield><subfield code="b">Stillwater Advance Print. and Pub. Co.</subfield></datafield><datafield ind1=" " ind2=" " tag="300"><subfield code="a">v.</subfield></datafield><datafield ind1=" " ind2=" " tag="310"><subfield code="a">Weekly</subfield></datafield><datafield ind1="0" ind2=" " tag="362"><subfield code="a">Vol. 14, no. 2 (Sep. 7, 1905)-v. 33, no. 18 (Feb. 26, 1925).</subfield></datafield><datafield ind1=" " ind2=" " tag="580"><subfield code="a">Daily edition : Daily democrat (Stillwater, Okla.).</subfield></datafield><datafield ind1=" " ind2="0" tag="651"><subfield code="a">Stillwater (Okla.)</subfield><subfield code="v">Newspapers.</subfield></datafield><datafield ind1=" " ind2="0" tag="651"><subfield code="a">Payne County (Okla.)</subfield><subfield code="v">Newspapers.</subfield></datafield><datafield ind1=" " ind2="7" tag="655"><subfield code="a">Newspapers.</subfield><subfield code="2">fast</subfield><subfield code="0">(OCoLC)fst01423814</subfield></datafield><datafield ind1=" " ind2="7" tag="651"><subfield code="a">Oklahoma</subfield><subfield code="z">Payne County.</subfield><subfield code="2">fast</subfield><subfield code="0">(OCoLC)fst01219312</subfield></datafield><datafield ind1=" " ind2="7" tag="651"><subfield code="a">Oklahoma</subfield><subfield code="z">Stillwater.</subfield><subfield code="2">fast</subfield><subfield code="0">(OCoLC)fst01205001</subfield></datafield><datafield ind1=" " ind2=" " tag="752"><subfield code="a">United States</subfield><subfield code="b">Oklahoma</subfield><subfield code="c">Payne</subfield><subfield code="d">Stillwater.</subfield></datafield><datafield ind1="0" ind2=" " tag="775"><subfield code="t">Daily democrat (Stillwater, Okla.)</subfield><subfield code="w">(DLC)sn 95076268</subfield></datafield><datafield ind1="0" ind2="4" tag="780"><subfield code="t">Stillwater advance</subfield><subfield code="w">(DLC)sn 95076264</subfield><subfield code="w">(OCoLC)32737175</subfield></datafield><datafield ind1="0" ind2="4" tag="780"><subfield code="t">Stillwater democrat (Stillwater, Okla. : 1899)</subfield><subfield code="w">(DLC)sn 95076257</subfield><subfield code="w">(OCoLC)32737300</subfield></datafield><datafield ind1="0" ind2="0" tag="785"><subfield code="t">Stillwater democrat (Stillwater, Okla. : 1925)</subfield><subfield code="w">(DLC)sn 95076272</subfield><subfield code="w">(OCoLC)32752355</subfield></datafield></record>